@inproceedings{BalliuHomogeneous,
   author = {Balliu, Alkida and Hirvonen, Juho and Olivetti, Dennis and Suomela, Jukka},
   title = {Hardness of minimal symmetry breaking in distributed computing},
   year = {2019},
   pages = {369--378},
   doi = {10.1145/3293611.3331605},
   eprint = {1811.01643},
   publisher = {ACM Press},
   booktitle = {Proc.\ 38th ACM Symposium on Principles of Distributed Computing (PODC 2019)}
}
@book{Attiya2004,
   author = {Hagit Attiya and Jennifer Welch},
   title = {Distributed Computing: Fundamentals, Simulations, and Advanced Topics},
   publisher = {John Wiley \& Sons},
   year = {2004},
}
@book{Lynch1996,
   author = {Nancy Lynch},
   title = {Distributed algorithms},
   publisher = {Elsevier},
   year = {1996},
}
@inproceedings{Balliu2018,
   author = {Balliu, Alkida and Brandt, Sebastian and Chang, Yi-Jun and Olivetti, Dennis and Rabie, Mika{\"e}l and Suomela, Jukka},
   title = {The distributed complexity of locally checkable problems on paths is decidable},
   year = {2019},
   pages = {262--271},
   doi = {10.1145/3293611.3331606},
   eprint = {1811.01672},
   publisher = {ACM Press},
   booktitle = {Proc.\ 38th ACM Symposium on Principles of Distributed Computing (PODC 2019)}
}
@inproceedings{Fischer2017a,
   author    = {Manuela Fischer and Mohsen Ghaffari},
	title     = {Sublogarithmic Distributed Algorithms for Lov{\'{a}}sz Local Lemma, and the Complexity Hierarchy},
	booktitle = {Proc.\ 31st International Symposium on Distributed Computing (DISC 2017)},
	series    = {LIPIcs},
	volume    = {91},
	pages     = {18:1--18:16},
	publisher = {Schloss Dagstuhl--Leibniz-Zentrum f{\"u}r Informatik},
	year      = {2017},
	doi       = {10.4230/LIPIcs.DISC.2017.18}
}
@article{Naor1991,
   author    = {Moni Naor},
	title     = {A Lower Bound on Probabilistic Algorithms for Distributive Ring Coloring},
	journal   = {{SIAM} J. Discret. Math.},
	volume    = {4},
	number    = {3},
	pages     = {409--412},
	year      = {1991},
	doi       = {10.1137/0404036}
}
@article{Cole1986,
   author    = {Richard Cole and
	Uzi Vishkin},
	title     = {Deterministic Coin Tossing with Applications to Optimal Parallel List
	Ranking},
	journal   = {Inf. Control.},
	volume    = {70},
	number    = {1},
	pages     = {32--53},
	year      = {1986},
	doi       = {10.1016/S0019-9958(86)80023-7}
}
@article{Chang2016,
   author    = {Yi{-}Jun Chang and
	Tsvi Kopelowitz and
	Seth Pettie},
	title     = {An Exponential Separation between Randomized and Deterministic Complexity
	in the LOCAL Model},
	journal   = {{SIAM} J. Comput.},
	volume    = {48},
	number    = {1},
	pages     = {122--143},
	year      = {2019},
	doi       = {10.1137/17M1117537}
}
@inproceedings{Balliu2016,
   author = {Balliu, Alkida and Hirvonen, Juho and Korhonen, Janne H. and Lempi{\"a}inen, Tuomo and Olivetti, Dennis and Suomela, Jukka},
   title = {New classes of distributed time complexity},
   year = {2018},
   pages = {1307--1318},
   doi = {10.1145/3188745.3188860},
   eprint = {1711.01871},
   publisher = {ACM Press},
   booktitle = {Proc.\ 50th ACM Symposium on Theory of Computing (STOC 2018)}
}
@inproceedings{Balliu2020-1,
   author =	{Alkida Balliu and Sebastian Brandt and Dennis Olivetti and Jukka Suomela},
   title =	{{Almost Global Problems in the LOCAL Model}},
   booktitle =	{32nd International Symposium on Distributed Computing  (DISC 2018)},
   pages =	{9:1--9:16},
   series =	{Leibniz International Proceedings in Informatics (LIPIcs)},
   ISBN =	{978-3-95977-092-7},
   ISSN =	{1868-8969},
   year =	{2018},
   volume =	{121},
   editor =	{Ulrich Schmid and Josef Widder},
   publisher =	{Schloss Dagstuhl--Leibniz-Zentrum fuer Informatik},
   address =	{Dagstuhl, Germany},
   URL =		{http://drops.dagstuhl.de/opus/volltexte/2018/9798},
   URN =		{urn:nbn:de:0030-drops-97982},
   doi =		{10.4230/LIPIcs.DISC.2018.9},
   annote =	{Keywords: Distributed complexity theory, locally checkable labellings, LOCAL model}
}
@inproceedings{Balliu2020-2,
   author = {Balliu, Alkida and Brandt, Sebastian and Olivetti, Dennis and Suomela, Jukka},
   title = {How much does randomness help with locally checkable problems?},
   year = {2020},
   pages = {299--308},
   doi = {10.1145/3382734.3405715},
   eprint = {1902.06803},
   publisher = {ACM Press},
   booktitle = {Proc.\ 39th ACM Symposium on Principles of Distributed Computing (PODC 2020)}
}
@misc{Hirvonen2020,
   author = {Juho Hirvonen and Jukka Suomela},
   title = {Distributed Algorithms 2020},
   howpublished = {webpage},
   note = {Free online textbook. \url{https://jukkasuomela.fi/da2020/}. Accessed 11.04.2021.},
   month = {December 28},
   year = {2020}
}
@misc{Wattenhofer2016,
   author = {Roger Wattenhofer},
   title = {Principles of Distributed Computing},
   note = {Course at ETH Zürich (FS 2016), Lecture material, Chapter 0
Introduction. \url{https://disco.ethz.ch/courses/fs16/podc/lecture/chapter0.pdf}. Accessed 14.04.2021.},
   howpublished = {webpage},
   year = {2016},
}
@inproceedings{Chang2020a,
   author    = {Yi{-}Jun Chang},
	title     = {The Complexity Landscape of Distributed Locally Checkable Problems on Trees},
   booktitle = {Proc.\ 34th International Symposium on Distributed Computing (DISC 2020)},
	volume    = {179},
	pages     = {18:1--18:17},
   series    = {LIPIcs},
	publisher = {Schloss Dagstuhl--Leibniz-Zentrum f{\"u}r Informatik},
	year      = {2020},
	doi       = {10.4230/LIPIcs.DISC.2020.18}
}
@inproceedings{Rozhon2019,
   author    = {V{\'a}clav Rozho{\v n} and Mohsen Ghaffari},
	title     = {Polylogarithmic-time deterministic network decomposition and distributed derandomization},
	booktitle = {Proc.\ 52nd Annual ACM SIGACT Symposium on Theory of Computing (STOC 2020)},
	pages     = {350--363},
	publisher = {ACM},
	year      = {2020},
	doi       = {10.1145/3357713.3384298}
}
@inproceedings{Balliu2019,
   author = {Balliu, Alkida and Brandt, Sebastian and Hirvonen, Juho and Olivetti, Dennis and Rabie, Mika{\"e}l and Suomela, Jukka},
   title = {Lower bounds for maximal matchings and maximal independent sets},
   year = {2019},
   pages = {481--497},
   doi = {10.1109/FOCS.2019.00037},
   eprint = {1901.02441},
   publisher = {IEEE},
   booktitle = {Proc.\ 60th Annual IEEE Symposium on Foundations of Computer Science (FOCS 2019)}
}
@misc{Suomela2020,
   author = {Jukka Suomela},
   title = {Landscape of Locality},
   howpublished = {webpage},
   note = {SWAT 2020 keynote talk. \url{https://jukkasuomela.fi/landscape-of-locality/}. Accessed 12.04.2021.},
   year = {2020},
   month = {June 23}
}
@misc{Rocher2020doc,
   author = {Tanguy Rocher},
   title = {Classification of distributed ternary labeling problems},
   howpublished = {GitHub repository},
   note = {\url{https://github.com/trocher/tlpDoc}. Accessed 14.04.2021.},
   year = {2020},
}
@misc{Rocher2020clas,
   author = {Tanguy Rocher},
   title = {tlpClassifier},
   howpublished = {GitHub repository},
   note = {\url{https://github.com/trocher/tlpClassifier}. Accessed 10.04.2021.},
   year = {2020},
}
@misc{Tereshchenko2020,
   author = {Aleksandr Tereshchenko},
   title = {Cyclepath classifier},
   howpublished = {GitHub repository},
   note = {\url{https://github.com/AleksTeresh/cyclepath-classifier}. Accessed 14.04.2021.},
   year = {2020},
}
@misc{Tereshchenko2020brt,
   author = {Aleksandr Tereshchenko},
   title = {Tree classifications},
   howpublished = {GitHub repository},
   note = {\url{https://github.com/AleksTeresh/tree-classifications}. Accessed 14.04.2021.},
   year = {2020},
}
@inproceedings{Chang2020,
   author = {Chang, Yi-Jun and Studen{\'y}, Jan and Suomela, Jukka},
   title = {Distributed graph problems through an automata-theoretic lens},
   year = {2021},
   eprint = {2002.07659},
   publisher = {Springer},
   series = {LNCS},
   booktitle = {Proc.\ 28th International Colloquium on Structural Information and Communication Complexity (SIROCCO 2021)}
}
@inproceedings{Balliu2019c,
   author = {Balliu, Alkida and Brandt, Sebastian and Efron, Yuval and Hirvonen, Juho and Maus, Yannic and Olivetti, Dennis and Suomela, Jukka},
   title = {Classification of distributed binary labeling problems},
   year = {2020},
   pages = {17:1--17:17},
   doi = {10.4230/LIPIcs.DISC.2020.17},
   eprint = {1911.13294},
   publisher = {Schloss Dagstuhl--Leibniz-Zentrum f{\"u}r Informatik},
   series = {LIPIcs},
   volume = {179},
   booktitle = {Proc.\ 34th International Symposium on Distributed Computing (DISC 2020)}
}
@misc{Balliu2021,
   title={Locally Checkable Problems in Rooted Trees}, 
   author={Alkida Balliu and Sebastian Brandt and Dennis Olivetti and Jan Studený and Jukka Suomela and Aleksandr Tereshchenko},
   year={2021},
   month = {February 18},
   howpublished = {arXiv submission},
   note = {\url{https://arxiv.org/abs/2102.09277}. Accessed 14.04.2021.},
   eprint={2102.09277},
   archivePrefix={arXiv},
   primaryClass={cs.DC}
}
@misc{Olivetti2020,
   author = {Olivetti, Dennis},
	title = {{Round Eliminator: a tool for automatic speedup simulation}},
   howpublished = {GitHub repository},
	note = {\url{https://github.com/olidennis/round-eliminator}. Accessed 13.03.2021.},
	year = {2020}
}
@misc{Studeny2021,
   author = {Jan Studený and Aleksandr Tereshchenko},
   title = {Rooted tree classifier},
   howpublished = {GitHub repository},
   note = {\url{https://github.com/jendas1/rooted-tree-classifier}. Accessed 19.03.2021.},
   year = {2021},
}
@misc{CPython,
   title = {The Python programming language},
   howpublished = {GitHub repository},
   url = {\url{https://github.com/python/cpython}. Accessed 03.04.2021.},
   author = {Guido van Rossum and Benjamin Peterson
 and Georg Brandl and Fred Drake and Victor Stinner and Raymond Hettinger and Serhiy Storchaka}
}
@misc{stdio,
   author = {Apple},
   title = {{Mac OS X Manual Page For stdio(3)}},
   howpublished = {Documentation Archive},
   note = {\url{https://developer.apple.com/library/archive/documentation/System/Conceptual/ManPages_iPhoneOS/man3/stdio.3.html}. Accessed 14.04.2021.},
}
@misc{WASM,
   author = {Andreas Rossberg},
   title = {WebAssembly Specification},
   howpublished = {webpage},
   note = {\url{https://webassembly.github.io/spec/core/}. Accessed 14.04.2021.},
   year = {2021},
   month = {April}
}
@misc{RustCPython,
   author = {Daniel Grunwald},
   title = {rust-cpython},
   howpublished = {GitHub repository},
   note = {Rust to CPython bindings. \url{https://github.com/dgrunwald/rust-cpython}. Accessed 02.04.2021.},
}
@misc{Rust,
   author = {{Rust Team}},
   title = {Rust programming language},
   howpublished = {webpage},
   note = {\url{https://www.rust-lang.org/}. Accessed 14.04.2021.},
}
@misc{Cargo,
   author = {{Rust Team}},
   title = {The Cargo Book},
   howpublished = {Documentation},
   note = {\url{https://doc.rust-lang.org/cargo/}. Accessed 14.04.2021.}
}
@misc{TypeScript,
   author = {Microsoft},
   title = {TypeScript: Typed JavaScrippt at Any Scale},
   howpublished = {Documentation},
   note = {\url{https://www.typescriptlang.org/docs/}. Accessed 11.04.2021}
}
@misc{Svelte,
   author = {Rich Harris},
   title = {Svelte},
   howpublished = {webpage},
   note = {\url{https://svelte.dev}. Accessed 01.09.2016.},
}
@misc{Milligram,
   author = {CJ Patoilo},
   title = {Milligram - A minimalist CSS framework},
   howpublished = {webpage},
   note = {\url{https://milligram.io/}. Accessed 02.04.2021.}
}
@misc{SvelteVsReactBundleSize,
   title = {Will it Scale? - Finding Svelte's Inflection Point},
   howpublished = {GitHub repository},
   author = {halfnelson},
   note = {\url{https://github.com/halfnelson/svelte-it-will-scale/blob/master/README.md}. Accessed 05.04.2021.},
   year = {2020},
   month = {August 24}
}
@misc{svelte-virtual-list,
   title = {A virtual list component for Svelte apps},
   howpublished = {GitHub repository},
   note = {\url{https://github.com/sveltejs/svelte-virtual-list}. Accessed 07.04.2021.},
   author = {Rich Harris and Jacob Wright and Michael Keller}
}
@inproceedings{BFHKLRSU16,
  author = {Brandt, Sebastian and Fischer, Orr and Hirvonen, Juho and Keller, Barbara and Lempi{\"a}inen, Tuomo and Rybicki, Joel and Suomela, Jukka and Uitto, Jara},
  title = {A lower bound for the distributed {L}ov{\'a}sz local lemma},
  year = {2016},
  pages = {479--488},
  doi = {10.1145/2897518.2897570},
  eprint = {1511.00900},
  publisher = {ACM Press},
  booktitle = {Proc.\ 48th ACM Symposium on Theory of Computing (STOC 2016)}
}
@inproceedings{Brandt2019,
   author    = {Sebastian Brandt},
	title     = {An Automatic Speedup Theorem for Distributed Problems},
	booktitle = {Proc.\ 38th ACM Symposium on Principles of Distributed Computing (PODC 2019)},
	pages     = {379--388},
	publisher = {{ACM}},
	year      = {2019},
	doi       = {10.1145/3293611.3331611}
}
@article{Naor1993,
   author    = {Moni Naor and
	Larry J. Stockmeyer},
	title     = {What Can be Computed Locally?},
	journal   = {{SIAM} J. Comput.},
	volume    = {24},
	number    = {6},
	pages     = {1259--1277},
	year      = {1995},
	doi       = {10.1137/S0097539793254571}
}
@article{Linial1992,
   author    = {Nathan Linial},
	title     = {Locality in Distributed Graph Algorithms},
	journal   = {{SIAM} J. Comput.},
	volume    = {21},
	number    = {1},
	pages     = {193--201},
	year      = {1992},
	doi       = {10.1137/0221015}
}
@inproceedings{Linial1987,
   author={N. {Linial}},
   booktitle={28th Annual Symposium on Foundations of Computer Science (sfcs 1987)}, 
   title={Distributive graph algorithms Global solutions from local data}, 
   year={1987},
   pages={331-335},
   doi={10.1109/SFCS.1987.20}}
}

@book{Sipser2012,
   author = {Michael Sipser},
   edition = {3rd},
   publisher = {Cengage Learning},
   title = {Introduction to the Theory of Computation},
   year = {2012},
   month = {June 27}
}
@article{Turing1937,
   author = {A. M. Turing},
   doi = {10.1112/plms/s2-42.1.230},
   issn = {1460244X},
   issue = {1},
   journal = {Proceedings of the London Mathematical Society},
   month = {1},
   pages = {230-265},
   publisher = {Oxford University Press (OUP)},
   title = {On computable numbers, with an application to the entscheidungsproblem},
   volume = {s2-42},
   url = {http://doi.wiley.com/10.1112/plms/s2-42.1.230},
   year = {1937},
}
@article{Margenstern2000,
   author = {Maurice Margenstern},
   doi = {10.1016/S0304-3975(99)00102-4},
   issn = {03043975},
   issue = {2},
   journal = {Theoretical Computer Science},
   keywords = {Decidability versus undecidability,Discrete computations,Halting problem,Universality},
   month = {1},
   pages = {217-251},
   publisher = {Elsevier},
   title = {Frontier between decidability and undecidability: A survey},
   volume = {231},
   year = {2000},
}

@article{auto-class_Sharma2017,
   author = {Harshita Sharma and Norman Zerbe and Iris Klempert and Olaf Hellwich and Peter Hufnagl},
   doi = {10.1016/j.compmedimag.2017.06.001},
   issn = {18790771},
   journal = {Computerized Medical Imaging and Graphics},
   keywords = {Cancer classification,Convolutional neural networks,Deep learning,Digital pathology,Gastric carcinoma,Histopathological image analysis,Necrosis detection},
   month = {November},
   pages = {2-13},
   pmid = {28676295},
   publisher = {Elsevier Ltd},
   title = {Deep convolutional neural networks for automatic classification of gastric carcinoma using whole slide images in digital histopathology},
   volume = {61},
   year = {2017},
}
@inproceedings{auto-class_Capizzi2015,
   author = {Giacomo Capizzi and Grazia Lo Sciuto and Christian Napoli and Emiliano Tramontana and Marcin Wozniak},
   doi = {10.15439/2015F258},
   isbn = {9788360810651},
   booktitle = {Proceedings of the 2015 Federated Conference on Computer Science and Information Systems, FedCSIS 2015},
   keywords = {Co-occurrence matrix,Pattern recognition,Probabilistic neural network,Texture analysis},
   pages = {861-867},
   publisher = {Institute of Electrical and Electronics Engineers Inc.},
   title = {Automatic classification of fruit defects based on Co-occurrence matrix and neural networks},
   year = {2015},
}
@article{auto-class_Ibrahim2018,
   author = {Ali K. Ibrahim and Hanqi Zhuang and Laurent M. Chérubin and Michelle T. Schärer-Umpierre and Nurgun Erdol},
   doi = {10.1121/1.5054911},
   issn = {0001-4966},
   issue = {3},
   journal = {The Journal of the Acoustical Society of America},
   pages = {EL196-EL202},
   pmid = {30424627},
   publisher = {Acoustical Society of America (ASA)},
   title = {Automatic classification of grouper species by their sounds using deep neural networks},
   volume = {144},
   url = {http://asa.scitation.org/doi/10.1121/1.5054911},
   year = {2018},
}
@inproceedings{auto-class_Colonna2016,
   author = {Juan Colonna and Tanel Peet and Carlos Abreu Ferreira and Alípio M. Jorge and Elsa Ferreira Gomes and João Gama},
   city = {New York, New York, USA},
   doi = {10.1145/2948992.2949016},
   isbn = {9781450340755},
   booktitle = {ACM International Conference Proceeding Series},
   keywords = {Anurans,Convolutional neural networks,MFCC,Machine learning,Wireless sensor networks},
   pages = {73-78},
   publisher = {Association for Computing Machinery},
   title = {Automatic classification of anuran sounds using convolutional neural networks},
   volume = {20-22-July-2016},
   url = {http://dl.acm.org/citation.cfm?doid=2948992.2949016},
   year = {2016},
}
@inproceedings{auto-class_Winkler2017,
   author = {Jonas Winkler and Andreas Vogelsang},
   doi = {10.1109/rew.2016.021},
   month = {January},
   pages = {39-45},
   publisher = {Institute of Electrical and Electronics Engineers (IEEE)},
   title = {Automatic Classification of Requirements Based on Convolutional Neural Networks},
   year = {2017},
}
@article{auto-class_FabioDelFrate,
   author = {Fabio Del Frate and Fabio Pacifici and Giovanni Schiavon and Chiara Solimini},
   doi = {10.1109/TGRS.2007.892009},
   issn = {01962892},
   issue = {4},
   journal = {IEEE Transactions on Geoscience and Remote Sensing},
   keywords = {Features extraction,High-resolution imagery,Information mining,Neural networks (NNs)},
   month = {April},
   pages = {800-809},
   title = {Use of neural networks for automatic classification from high-resolution images},
   volume = {45},
   year = {2007},
}

@article{class_Fulton,
    author = {Charles T. Fulton and Steven Pruess and Yuantao Xie},
    title = {The Automatic Classification Of Sturm-Liouville Problems},
    journal = {J. Appld. Math. and Comp},
    year = {}
}
@book{zettl2010sturm,
  title={Sturm-liouville theory},
  author={Anton Zettl},
  year={2010},
  publisher={American Mathematical Soc.}
}



@inproceedings{synthesis_,
   author = {Miguel Campilho-Gomes and Rui Tavares and João Goes},
   doi = {10.1007/978-3-030-45124-0_9},
   isbn = {9783030451233},
   issn = {1868422X},
   booktitle = {IFIP Advances in Information and Communication Technology},
   keywords = {Amplifier,Analog circuit,Automatic topology generation,Digital circuit,Genetic algorithm,Ngspice,Variable Length Chromosome},
   month = {7},
   pages = {101-108},
   publisher = {Springer},
   title = {Automatic Flat-Level Circuit Generation with Genetic Algorithms},
   volume = {577},
   url = {https://link.springer.com/chapter/10.1007/978-3-030-45124-0_9},
   year = {2020},
}
@inproceedings{synthesis_autoAx,
   author={V. {Mrazek} and M. A. {Hanif} and Z. {Vasicek} and L. {Sekanina} and M. {Shafique}},
   booktitle={2019 56th ACM/IEEE Design Automation Conference (DAC)}, 
   title={autoAx: An Automatic Design Space Exploration and Circuit Building Methodology utilizing Libraries of Approximate Components}, 
   year={2019},
   volume={},
   number={},
   pages={1-6},
   doi={}}

@article{synthesis_Khan2017,
   author = {Mozammel H.A. Khan and Himanshu Thapliyal and Edgard Munoz-Coreas},
   doi = {10.1007/s11227-016-1878-5},
   issn = {15730484},
   issue = {5},
   journal = {Journal of Supercomputing},
   keywords = {Quaternary Galois field decision diagram,Quaternary Galois field sum of products minimization,Quaternary reversible circuit design},
   month = {5},
   pages = {1733-1759},
   publisher = {Springer New York LLC},
   title = {Automatic synthesis of quaternary quantum circuits},
   volume = {73},
   url = {https://link.springer.com/article/10.1007/s11227-016-1878-5},
   year = {2017},
}
@inproceedings{synthesis_Meuli2018,
   author    = {Giulia Meuli and
               Mathias Soeken and
               Giovanni De Micheli},
   editor    = {Jarkko Kari and
                  Irek Ulidowski},
   title     = {SAT-based \{CNOT, T\} Quantum Circuit Synthesis},
   booktitle = {Reversible Computation - 10th International Conference, {RC} 2018,
                  Leicester, UK, September 12-14, 2018, Proceedings},
   series    = {Lecture Notes in Computer Science},
   volume    = {11106},
   pages     = {175--188},
   publisher = {Springer},
   year      = {2018},
   url       = {https://doi.org/10.1007/978-3-319-99498-7\_12},
   doi       = {10.1007/978-3-319-99498-7\_12},
   timestamp = {Tue, 14 May 2019 10:00:38 +0200},
   biburl    = {https://dblp.org/rec/conf/rc/MeuliSM18.bib},
   bibsource = {dblp computer science bibliography, https://dblp.org}

}
@inproceedings{synthesis_Miller2003,
   author = {D. Michael Miller and Dmitri Maslov and Gerhard W. Dueck},
   city = {New York, New York, USA},
   doi = {10.1145/775832.775915},
   issn = {0738100X},
   booktitle = {Proceedings - Design Automation Conference},
   keywords = {Minimization,Quantum Circuits,Reversible Logic,Templates},
   pages = {318-323},
   publisher = {Institute of Electrical and Electronics Engineers Inc.},
   title = {A transformation based algorithm for reversible logic synthesis},
   url = {http://portal.acm.org/citation.cfm?doid=775832.775915},
   year = {2003},
}




@inproceedings{da-synthesis_Rybicki2015,
   author = {Joel Rybicki and Jukka Suomela},
   doi = {10.1007/978-3-319-25258-2_4},
   isbn = {9783319252575},
   issn = {16113349},
   booktitle = {Structural Information and Communication Complexity. SIROCCO 2015. Lecture Notes in Computer Science},
   pages = {46-60},
   publisher = {Springer},
   title = {Exact bounds for distributed graph colouring},
   volume = {9439},
   url = {https://link.springer.com/chapter/10.1007/978-3-319-25258-2_4},
   year = {2015},
}
@article{da-synthesis_Klinkhamer2016,
   author = {Alex Klinkhamer},
   city = {Houghton, Michigan},
   doi = {10.37099/mtu.dc.etdr/90},
   journal = {Michigan Technological University. Dissertations, Master's Theses and Master's Reports},
   keywords = {distributed computing,program synthesis,self-stabilization},
   title = {On the Limits and Practice of Automatically Designing Self-Stabilization},
   note = {\url{https://digitalcommons.mtu.edu/etdr/90}. Accessed 24.03.2021.},
   year = {2016},
}
@article{da-synthesis_Hirvonen2017,
   author = {Juho Hirvonen and Joel Rybicki and Stefan Schmid and Jukka Suomela},
   doi = {10.37236/6862},
   issn = {10778926},
   issue = {4},
   journal = {Electronic Journal of Combinatorics},
   keywords = {Cuts,Graph theory,Regular graphs},
   month = {10},
   pages = {P4.21-P4.21},
   publisher = {Australian National University},
   title = {Large cuts with local algorithms on triangle-free graphs},
   volume = {24},
   url = {https://www.combinatorics.org/ojs/index.php/eljc/article/view/v24i4p21},
   year = {2017},
}
@article{da-synthesis_Fathiyeh2015,
   author = {Faghih Fathiyeh and Bonakdarpour Borzoo},
   doi = {10.1145/2767133},
   issn = {15564703},
   issue = {3},
   journal = {ACM Transactions on Autonomous and Adaptive Systems},
   keywords = {Automated synthesis,Constraint solving,Distributed algorithms,Fault-tolerance,Formal methods,Self-stabilization},
   month = {10},
   pages = {1-26},
   publisher = {Association for Computing Machinery},
   title = {SMT-based synthesis of distributed self-stabilizing systems},
   volume = {10},
   url = {https://dl.acm.org/doi/10.1145/2767133},
   year = {2015},
}
@article{da-synthesis_Dolev2016,
   author = {Danny Dolev and Keijo Heljanko and Matti Järvisalo and Janne H. Korhonen and Christoph Lenzen and Joel Rybicki and Jukka Suomela and Siert Wieringa},
   doi = {10.1016/j.jcss.2015.09.002},
   issn = {10902724},
   issue = {2},
   journal = {Journal of Computer and System Sciences},
   keywords = {Byzantine fault tolerance,Distributed computing,Formal methods,SAT,Self-stabilisation,Synthesis},
   month = {3},
   pages = {310-332},
   publisher = {Academic Press Inc.},
   title = {Synchronous counting and computational algorithm design},
   volume = {82},
   url = {http://arxiv.org/abs/1304.5719 http://dx.doi.org/10.1016/j.jcss.2015.09.002},
   year = {2016},
}
@article{Chang2017,
   author    = {Yi{-}Jun Chang and
	Seth Pettie},
	title     = {A Time Hierarchy Theorem for the {LOCAL} Model},
	journal   = {{SIAM} J. Comput.},
	volume    = {48},
	number    = {1},
	pages     = {33--69},
	year      = {2019},
	doi       = {10.1137/17M1157957}
}
@inproceedings{Brandt2017,
   author = {Brandt, Sebastian and Hirvonen, Juho and Korhonen, Janne H. and Lempi{\"a}inen, Tuomo and {\"O}sterg{\aa}rd, Patric R. J. and Purcell, Christopher and Rybicki, Joel and Suomela, Jukka and Uzna{\'n}ski, Przemys{\l}aw},
   title = {LCL problems on grids},
   year = {2017},
   pages = {101--110},
   doi = {10.1145/3087801.3087833},
   eprint = {1702.05456},
   publisher = {ACM Press},
   booktitle = {Proc.\ 36th ACM Symposium on Principles of Distributed Computing (PODC 2017)}
}
@inproceedings{da-synthesis_Bloem2016,
   author = {Roderick Bloem and Nicolas Braud-Santoni and Swen Jacobs},
   doi = {10.1007/978-3-319-41528-4_9},
   isbn = {9783319415277},
   issn = {16113349},
   booktitle = {Computer Aided Verification. CAV 2016. Lecture Notes in Computer Science},
   pages = {157-176},
   publisher = {Springer},
   title = {Synthesis of self-stabilising and byzantine-resilient distributed systems},
   volume = {9779},
   url = {https://link.springer.com/chapter/10.1007/978-3-319-41528-4_9},
   year = {2016},
}
